lorenzo@debian.6882:1544261244