@booklet{bib:lep1,
AUTHOR = "{Lep Injector Study Group}",
TITLE = "LEP Design Report Vol. 1: The LEP Injector Chain",
HOWPUBLISHED = "CERN-LEP-TH-83-29, CERN-PS-DL-83-81, CERN-SPS-83-26, LAL-RT-83-09",
YEAR = 1983
}

@booklet{bib:lep2,
AUTHOR = "{Lep Injector Study Group}",
TITLE = "LEP Design Report Vol. 2: The LEP Main Ring",
HOWPUBLISHED = "CERN-LEP/8-01",
YEAR = 1984
}

@booklet{bib:lep3,
AUTHOR = "{Lep Injector Study Group}",
TITLE = "LEP Design Report Vol. 3: LEP2",
HOWPUBLISHED = "CERN-AC-96-01-LEP2",
YEAR = 1996
}

@book{bib:standard-model,
AUTHOR = "F. Halzen and A.D. Martin",
TITLE = "Quarks and leptons: an introductory course in modern Particle Physics",
PUBLISHER = "Wiley",
ADDRESS = "New York USA",
YEAR = 1984
}

@article{bib:Fermi-theory,
AUTHOR = "E. Fermi",
TITLE = "\emph{Trends to a theory of Beta radiation.}",
JOURNAL = "Nuovo Cimento",
VOLUME = 11,
PAGES = "1-19",
YEAR = 1952
}

@Article{bib:wu,
     author    = "Wu, C. S. and Ambler, E. and Hayward, R. W. and Hoppes, D.
                  D. and Hudson, R. P.",
     title     = "{EXPERIMENTAL TEST OF PARITY CONSERVATION IN BETA DECAY}",
     journal   = "Phys. Rev.",
     volume    = "105",
     year      = "1957",
     pages     = "1413-1414",
     doi       = "10.1103/PhysRev.105.1413",
     SLACcitation  = "%%CITATION = PHRVA,105,1413;%%"
}

@Article{bib:garwin,
     author    = "Garwin, R. L. and Lederman, L. M. and Weinrich, Marcel",
     title     = "{Observations of the Failure of Conservation of Parity and
                  Charge Conjugation in Meson Decays: The Magnetic Moment of
                  the Free Muon}",
     journal   = "Phys. Rev.",
     volume    = "105",
     year      = "1957",
     pages     = "1415-1417",
     doi       = "10.1103/PhysRev.105.1415",
     SLACcitation  = "%%CITATION = PHRVA,105,1415;%%"
}

@Article{bib:gellmann,
     author    = "Gell-Mann, Murray",
     title     = "{A Schematic Model of Baryons and Mesons}",
     journal   = "Phys. Lett.",
     volume    = "8",
     year      = "1964",
     pages     = "214-215",
     doi       = "10.1016/S0031-9163(64)92001-3",
     SLACcitation  = "%%CITATION = PHLTA,8,214;%%"
}

@Article{bib:han,
     author    = "Han, M. Y. and Nambu, Yoichiro",
     title     = "{Three-triplet model with double SU(3) symmetry}",
     journal   = "Phys. Rev.",
     volume    = "139",
     year      = "1965",
     pages     = "B1006-B1010",
     doi       = "10.1103/PhysRev.139.B1006",
     SLACcitation  = "%%CITATION = PHRVA,139,B1006;%%"
}

@Article{bib:fritzsch,
     author    = "Fritzsch, H. and Gell-Mann, Murray and Leutwyler, H.",
     title     = "{Advantages of the Color Octet Gluon Picture}",
     journal   = "Phys. Lett.",
     volume    = "B47",
     year      = "1973",
     pages     = "365-368",
     doi       = "10.1016/0370-2693(73)90625-4",
     SLACcitation  = "%%CITATION = PHLTA,B47,365;%%"
}

@Article{bib:gross,
     author    = "Gross, D. J. and Wilczek, F.",
     title     = "{Asymptotically Free Gauge Theories. 1}",
     journal   = "Phys. Rev.",
     volume    = "D8",
     year      = "1973",
     pages     = "3633-3652",
     doi       = "10.1103/PhysRevD.8.3633",
     SLACcitation  = "%%CITATION = PHRVA,D8,3633;%%"
}

@Article{bib:weinberg2,
     author    = "Weinberg, S.",
     title     = "{Nonabelian Gauge Theories of the Strong Interactions}",
     journal   = "Phys. Rev. Lett.",
     volume    = "31",
     year      = "1973",
     pages     = "494-497",
     doi       = "10.1103/PhysRevLett.31.494",
     SLACcitation  = "%%CITATION = PRLTA,31,494;%%"
}

@Article{bib:handbook,
     author    = "Brock, Raymond and others",
     collaboration = "CTEQ",
     title     = "{Handbook of perturbative QCD: Version 1.0}",
     journal   = "Rev. Mod. Phys.",
     volume    = "67",
     year      = "1995",
     pages     = "157-248",
     doi       = "10.1103/RevModPhys.67.157",
     SLACcitation  = "%%CITATION = RMPHA,67,157;%%"
}

@Article{bib:jop,
     author    = "Yao, W. -M. and others",
     collaboration = "Particle Data Group",
     title     = "{Review of particle physics}",
     journal   = "J. Phys.",
     volume    = "G33",
     year      = "2006",
     pages     = "1-1232",
     doi       = "10.1088/0954-3899/33/1/001",
     SLACcitation  = "%%CITATION = JPHGB,G33,1;%%"
}

@Article{bib:jade,
     author    = "Bethke, S. and others",
 collaboration = "JADE",
     title     = "{Experimental Investigation of the Energy Dependence of the
                  Strong Coupling Strength}",
     journal   = "Phys. Lett.",
     volume    = "B213",
     year      = "1988",
     pages     = "235",
     doi       = "10.1016/0370-2693(88)91032-5",
     SLACcitation  = "%%CITATION = PHLTA,B213,235;%%"
}

@Article{bib:ktexclusive,
     author    = "Catani, S. and Dokshitzer, Yuri L. and Webber, B. R.",
     title     = "{The K-perpendicular clustering algorithm for jets in deep
                  inelastic scattering and hadron collisions}",
     journal   = "Phys. Lett.",
     volume    = "B285",
     year      = "1992",
     pages     = "291-299",
     doi       = "10.1016/0370-2693(92)91467-N",
     SLACcitation  = "%%CITATION = PHLTA,B285,291;%%"
}

@Article{bib:run2jet,
     author    = "Blazey, G. C. and others",
     title     = "{Run II jet physics}",
     year      = "2000",
     eprint    = "hep-ex/0005012",
     archivePrefix = "arXiv",
     SLACcitation  = "%%CITATION = HEP-EX/0005012;%%"
}

@Article{bib:coneunsafety,
     author    = "Salam, Gavin P. and Soyez, Gregory",
     title     = "{A practical Seedless Infrared-Safe Cone jet algorithm}",
     journal   = "JHEP",
     volume    = "05",
     year      = "2007",
     pages     = "086",
     eprint    = "0704.0292",
     archivePrefix = "arXiv",
     primaryClass  =  "hep-ph",
     SLACcitation  = "%%CITATION = 0704.0292;%%"
}

@Article{bib:cteq,
     author    = "Lai, H. L. and others",
     title     = "{Global QCD analysis and the CTEQ parton distributions}",
     journal   = "Phys. Rev.",
     volume    = "D51",
     year      = "1995",
     pages     = "4763-4782",
     eprint    = "hep-ph/9410404",
     archivePrefix = "arXiv",
     doi       = "10.1103/PhysRevD.51.4763",
     SLACcitation  = "%%CITATION = HEP-PH/9410404;%%"
}

@Article{bib:mrst,
     author    = "Martin, Alan D. and Roberts, R. G. and Stirling, W. J. and
                  Thorne, R. S.",
     title     = "{MRST2001: Partons and alpha(s) from precise deep inelastic
                  scattering  and Tevatron jet data}",
     journal   = "Eur. Phys. J.",
     volume    = "C23",
     year      = "2002",
     pages     = "73-87",
     eprint    = "hep-ph/0110215",
     archivePrefix = "arXiv",
     doi       = "10.1007/s100520100842",
     SLACcitation  = "%%CITATION = HEP-PH/0110215;%%"
}

@book{bib:magnet,
      title        = "The CMS magnet project: Technical Design Report",
      publisher    = "CERN",
      address      = "Geneva",
      series       = "Technical Design Report CMS",
      year         = "1997",
}

@book{bib:tracker,
      author       = "",
      title        = "The CMS tracker system project: Technical Design Report",
      publisher    = "CERN",
      address      = "Geneva",
      series       = "Technical Design Report CMS",
      year         = "1997",
}

@book{bib:trackeraddendum,
      title        = "The CMS tracker: addendum to the Technical Design Report",
      publisher    = "CERN",
      address      = "Geneva",
      series       = "Technical Design Report CMS",
      year         = "2000",
}

@book{bib:ecal1,
      title        = "The CMS electromagnetic calorimeter project: Technical
                      Design Report",
      publisher    = "CERN",
      address      = "Geneva",
      series       = "Technical Design Report CMS",
      year         = "1997",
}

@book{bib:ecal2,
      author       = "Bloch, Philippe and Brown, Robert and Lecoq, Paul and
                      Rykaczewski, Hans",
      title        = "Changes to CMS ECAL electronics: addendum to the Technical
                      Design Report",
      publisher    = "CERN",
      address      = "Geneva",
      series       = "Technical Design Report CMS",
      year         = "2002",
}

@techreport{Dissertori:687894,
      author       = "Dissertori, G",
      title        = "Electromagnetic calorimetry and $e\gamma$ performance in
                      CMS. oai:cds.cern.ch:687894",
      institution  = "CERN",
      address      = "Geneva",
      number       = "CMS-CR-2003-024",
      month        = "Jul",
      year         = "2003",
}

@book{bib:hcal,
      title        = "The CMS hadron calorimeter project: Technical Design
                      Report",
      publisher    = "CERN",
      address      = "Geneva",
      series       = "Technical Design Report CMS, CERN-LHCC-97-031",
      year         = "1997",
}

@book{bib:muon,
      title        = "The CMS muon project: Technical Design Report",
      publisher    = "CERN",
      address      = "Geneva",
      series       = "Technical Design Report CMS, CERN-LHCC-97-032",
      year         = "1997",
}

@book{bib:level1,
      title        = "CMS TriDAS project: Technical Design Report; 1, the trigger systems",
      publisher    = "CERN",
      address      = "Geneva",
      series       = "Technical Design Report CMS, CERN-LHCC-2000-038",
      year         = "2000",
}

@book{bib:hlt,
      title        = "CMS trigger and data-acquisition project: Technical Design
                      Report",
      publisher    = "CERN",
      address      = "Geneva",
      series       = "Technical Design Report CMS, CERN-LHCC-2002-026",
      year         = "2002",
}

@Article{Sjostrand:2006su,
     author    = "Sjostrand, T.",
     title     = "{Monte Carlo generators}",
     year      = "2006",
     eprint    = "hep-ph/0611247",
     archivePrefix = "arXiv",
     SLACcitation  = "%%CITATION = HEP-PH/0611247;%%"
}

    

  @book{bib:mass-limit-rik1,
AUTHOR = "J. F. Gunion and H. E. Haber and G. Kane and S. Dawson",
TITLE = "The Higgs Hunters Guide",
PUBLISHER = "Addison Wesley",
ADDRESS = "Menlo Park",
YEAR = 1990
}

@booklet{bib:mass-limit-rik2,
AUTHOR = "K. Riesselmann",
TITLE = "Limitations of a Standard Model Higgs Boson",
HOWPUBLISHED = "DESY 97-222",
YEAR = 1997,
eprint = "hep-ph/9711456"
}

@article{bib:higgs-mass-limit,
AUTHOR = "T. Hambye and K. Riesselmann",
TITLE = "Matching conditions and Higgs mass upper bounds revisited",
JOURNAL = "Phys. Rev.",
YEAR = 1997,
PAGES = 7255,
VOLUME = "D55"
}

@booklet{bib:ew-site,
AUTHOR = "{The LEP Collaborations and ALEPH and DELPHI and L3 and OPAL and the LEP Electroweak Working Group}",
TITLE = "A combination of preliminary Elecroweak measurements and constraints on the Standard Model",
HOWPUBLISHED = "LEPEWWG/2005-01, hep-ex/0511027",
YEAR = 2005
}

@article{bib:pdg,
AUTHOR = "{Particle Data Group}",
TITLE = "Review of Particle Physics",
JOURNAL = "Phys. Rev.",
VOLUME = "D66",
NUMBER = "010001",
YEAR = "2002"
}

@article{bib:glashow,
AUTHOR = "S. L. Glashow",
TITLE = "Partial Symmetries of Weak Interactions",
JOURNAL = "Phys. Rev.",
VOLUME = "22",
PAGES = "579-588",
YEAR = "1961"
}

@book{bib:salam,
AUTHOR = "A. Salam",
TITLE = "Elementary Particle Theory",
PUBLISHER = "Almquist and Wiksells",
ADDRESS = "N. Svartholm, Stockholm",
YEAR = "1968"
}

@article{bib:weinberg,
AUTHOR = "S. Weinberg",
TITLE = "A Model of Leptons",
JOURNAL = "Phys. Rev. Lett.",
VOLUME = "19",
PAGES = "1264-1266",
YEAR = "1967"
} 

@article{bib:higgs,
AUTHOR = "P. W. Higgs",
TITLE = "Broken Symmetries, Massless Particles and Gauge Fields",
JOURNAL = "Phys. Lett.",
VOLUME = "12",
PAGES = "132-133",
YEAR = "1964"
}

@article{bib:ckm,
AUTHOR = "N. Cabibbo",
TITLE = "Unitarity Symmetry and Leptonic Decays",
JOURNAL = "Phys. Rev. Lett.",
VOLUME = "10",
PAGES = "531-532",
YEAR = "1963"
}

@book{bib:ellis,
AUTHOR = "R. K. Ellis and W. J. Stirling and B. R. Webber",
TITLE = "QCD and Collider Physics",
PUBLISHER = "Cambridge University Press",
ADDRESS = "N. Svartholm, Stockholm",
YEAR = "1996"
}

@article{bib:left-handed,
AUTHOR = "M. Goldhaber and L. Grodzins and A. W. Sunyar",
TITLE = "Helicity of Neutrinos",
JOURNAL = "Phys. Rev.",
VOLUME = "109",
PAGES = "1015-1017",
YEAR = "1958"
}

@article{bib:renormalizability,
AUTHOR = "G. tHooft and M. J. G. Vetmann",
TITLE = "Regularization and Renormalization of Gauge Fields",
JOURNAL = "Nucl. Phys.",
VOLUME = "B44",
PAGES = "189-213",
YEAR = "1972"
}

@booklet{bib:higgs-at-lep,
AUTHOR = "{ALEPH and DELPHI and L3 and OPAL Collaborations and The LEP Working Group for Higgs boson Searches}",
TITLE = "Search for the Standard Model Higgs Boson at LEP",
HOWPUBLISHED = "CERN-EP/2003-011, submitted to Phys. Lett. B",
MONTH = "April",
YEAR = "2003" 
}

@booklet{bib:aleph,
AUTHOR = "{The ALEPH Collaboration}",
TITLE = "The ALEPH Detector (Apparatus for LEp PHysics) Technical Report",
HOWPUBLISHED = "CERN-LEPC-83-2, LEPC-p-1",
ADDRESS = "Geneva, CERN",
YEAR = 1983
}

@booklet{bib:delphi,
AUTHOR = "{The DELPHI Collaboration}",
TITLE = "DELPHI: The DELPHI Detector (Detector with Lepton Photon and Hadron Identification) Technical Proposal",
HOWPUBLISHED = "CERN-LEPC-83-3, DELPHI-83-66, LEP-P-2",
ADDRESS = "Geneva, CERN",
YEAR = 1983
}

@booklet{bib:opal,
AUTHOR = "{The OPAL Collaboration}",
TITLE = "OPAL: The OPAL Detector (an Omni Purpouse Apparatus for Lep) Technical Proposal",
HOWPUBLISHED = "CERN-LEPC-83-4, LEPC-P-3",
ADDRESS = "Geneva, CERN",
YEAR = 1983
}

@booklet{bib:l3,
AUTHOR = "{The L3 Collaboration}",
TITLE = "L3 Technical Proposal",
HOWPUBLISHED = "CERN-LEPC-83-5, LEPC-P-4",
ADDRESS = "Geneva, CERN",
YEAR = 1983
}

@booklet{bib:sld,
AUTHOR = "{The SLD Collaboration}",
TITLE = "The SLD Design Report",
HOWPUBLISHED = "SLAC-Report-273",
YEAR = 1984
}

@article{bib:cdf,
AUTHOR = "{The CDF Collaboration}",
TITLE = "The CDF Detector: An Overview",
JOURNAL = "Nucl. Instrum. Meth.",
VOLUME = "A272",
PAGES = 487,
YEAR = 1988
}

@article{bib:d0,
AUTHOR = "{The D0 Collaboration}",
TITLE = "The D0 Detector",
JOURNAL = "Nucl. Instrum. Meth.",
VOLUME = "A338",
PAGES = 185,
YEAR = 1994
}

@misc{bib:hera,
TITLE = "HERA, Hadron-Electron Ring Accelerator at DESY",
URL = "http://\-www-hera-b.desy.de/general/info/"
}

@article{bib:qed,
     author    = " J. S. Schwinger",
     title     = "Quantum Electrodynamics. A covariant formulation",
     journal   = "Phys. Rev.",
     volume    = "74",
     year      = "1948",
     PAGES     = "1439"
}


@booklet{bib:lhc,
AUTHOR = "{The LHC Study Group}",
TITLE = "The Large Hadron Collider Conceptual Design Report",
HOWPUBLISHED = "CERN/AC 95-05",
YEAR = 1995
}

@booklet{bib:atlas,
AUTHOR = "{The ATLAS Collaboration}",
TITLE = "ATLAS: A Toroidal LHC ApparatuS Technical Proposal",
HOWPUBLISHED = "CERN/LHCC 94-18, LHCC/P1",
MONTH = "December",
YEAR = "1994"
}

@booklet{bib:cms,
AUTHOR = "{The CMS Collaboration}",
TITLE = "The Compact Muon Solenoid Technical Proposal",
HOWPUBLISHED = "CERN/LHCC 94-38, LHCC/P1",
MONTH = "December",
YEAR = "1994"
}

@booklet{bib:alice,
AUTHOR = "{The ALICE Collaboration}",
TITLE = "A Large Ion Collider Experiment Technical Proposal Design",
HOWPUBLISHED = "CERN/LHCC 95-71, LHCC/P3",
YEAR = "1995"
}

@booklet{bib:lhcb,
AUTHOR = "{The LHCb Collaboration}",
TITLE = "A Large Hadron Collider Beauty Experiment for Precision Measurements of CP-Violation and Rare Decays LHCb Technical Proposal",
HOWPUBLISHED = "CERN/LHCC 98-04, LHCC/P4",
YEAR = "1998"
}

@Article{bib:amegic,
     author    = "Krauss, F. and Kuhn, R. and Soff, G.",
     title     = "{AMEGIC++ 1.0: A matrix element generator in C++}",
     journal   = "JHEP",
     volume    = "02",
     year      = "2002",
     pages     = "044",
     eprint    = "hep-ph/0109036",
     archivePrefix = "arXiv",
     SLACcitation  = "%%CITATION = HEP-PH/0109036;%%"
}

@Article{bib:sherpa,
     author    = "Gleisberg, T. and others",
     title     = "{SHERPA 1.alpha, a proof-of-concept version}",
     journal   = "JHEP",
     volume    = "02",
     year      = "2004",
     pages     = "056",
     eprint    = "hep-ph/0311263",
     archivePrefix = "arXiv",
     SLACcitation  = "%%CITATION = HEP-PH/0311263;%%"
}

@Article{bib:apacic,
     author    = "Krauss, F. and Schalicke, A. and Soff, G.",
     title     = "{APACIC++ 2.0: A parton cascade in C++}",
     journal   = "Comput. Phys. Commun.",
     volume    = "174",
     year      = "2006",
     pages     = "876-902",
     eprint    = "hep-ph/0503087",
     archivePrefix = "arXiv",
     doi       = "10.1016/j.cpc.2005.11.009",
     SLACcitation  = "%%CITATION = HEP-PH/0503087;%%"
}

@Article{bib:alpgen,
     author    = "Mangano, Michelangelo L. and Moretti, Mauro and Piccinini,
                  Fulvio and Pittau, Roberto and Polosa, Antonio D.",
     title     = "{ALPGEN, a generator for hard multiparton processes in
                  hadronic  collisions}",
     journal   = "JHEP",
     volume    = "07",
     year      = "2003",
     pages     = "001",
     eprint    = "hep-ph/0206293",
     archivePrefix = "arXiv",
     SLACcitation  = "%%CITATION = HEP-PH/0206293;%%"
}

@Article{bib:pythia,
     author    = "Sjostrand, T. and Mrenna, S. and Skands, P.",
     title     = "{PYTHIA 6.4 physics and manual}",
     journal   = "JHEP",
     volume    = "05",
     year      = "2006",
     pages     = "026",
     eprint    = "hep-ph/0603175",
     archivePrefix = "arXiv",
     SLACcitation  = "%%CITATION = HEP-PH/0603175;%%"
}

@Article{bib:herwig,
     author    = "Corcella, G. and others",
     title     = "{HERWIG 6.5 release note}",
     year      = "2002",
     eprint    = "hep-ph/0210213",
     archivePrefix = "arXiv",
     SLACcitation  = "%%CITATION = HEP-PH/0210213;%%"
}

@Article{bib:ckkw1,
     author    = "Catani, S. and Krauss, F. and Kuhn, R. and Webber, B. R.",
     title     = "{QCD matrix elements + parton showers}",
     journal   = "JHEP",
     volume    = "11",
     year      = "2001",
     pages     = "063",
     eprint    = "hep-ph/0109231",
     archivePrefix = "arXiv",
     SLACcitation  = "%%CITATION = HEP-PH/0109231;%%"
}

@Article{bib:ckkw2,
     author    = "Krauss, F.",
     title     = "{Matrix elements and parton showers in hadronic
                  interactions}",
     journal   = "JHEP",
     volume    = "08",
     year      = "2002",
     pages     = "015",
     eprint    = "hep-ph/0205283",
     archivePrefix = "arXiv",
     SLACcitation  = "%%CITATION = HEP-PH/0205283;%%"
}

@MISC{bib:mlm,
	author	   = "Mangano, M.",
	title      = "{The so-called MLM prescription for ME/PS matching}", 
	year       = "2002",
	month      = "October, 4",
    note       = "Talk presented at the Fermilab ME/MC Tuning Workshop" 
} 

@Article{bib:madgraph,
     author    = "Stelzer, T. and Long, W. F.",
     title     = "{Automatic generation of tree level helicity amplitudes}",
     journal   = "Comput. Phys. Commun.",
     volume    = "81",
     year      = "1994",
     pages     = "357-371",
     eprint    = "hep-ph/9401258",
     archivePrefix = "arXiv",
     doi       = "10.1016/0010-4655(94)90084-1",
     SLACcitation  = "%%CITATION = HEP-PH/9401258;%%"
}

@Article{bib:madevent,
     author    = "Maltoni, Fabio and Stelzer, Tim",
     title     = "{MadEvent: Automatic event generation with MadGraph}",
     journal   = "JHEP",
     volume    = "02",
     year      = "2003",
     pages     = "027",
     eprint    = "hep-ph/0208156",
     archivePrefix = "arXiv",
     SLACcitation  = "%%CITATION = HEP-PH/0208156;%%"
}

@Article{bib:mcatnlo,
     author    = "Frixione, Stefano and Webber, Bryan R.",
     title     = "{Matching NLO QCD computations and parton shower
                  simulations}",
     journal   = "JHEP",
     volume    = "06",
     year      = "2002",
     pages     = "029",
     eprint    = "hep-ph/0204244",
     archivePrefix = "arXiv",
     SLACcitation  = "%%CITATION = HEP-PH/0204244;%%"
}

@Article{Caravaglios:1995cd,
     author    = "Caravaglios, Francesco and Moretti, Mauro",
     title     = "{An algorithm to compute Born scattering amplitudes without
                  Feynman graphs}",
     journal   = "Phys. Lett.",
     volume    = "B358",
     year      = "1995",
     pages     = "332-338",
     eprint    = "hep-ph/9507237",
     archivePrefix = "arXiv",
     doi       = "10.1016/0370-2693(95)00971-M",
     SLACcitation  = "%%CITATION = HEP-PH/9507237;%%"
}

@Article{Krauss:2001iv,
     author    = "Krauss, F. and Kuhn, R. and Soff, G.",
     title     = "{AMEGIC++ 1.0: A matrix element generator in C++}",
     journal   = "JHEP",
     volume    = "02",
     year      = "2002",
     pages     = "044",
     eprint    = "hep-ph/0109036",
     archivePrefix = "arXiv",
     SLACcitation  = "%%CITATION = HEP-PH/0109036;%%"
}

@Article{Kleiss:1985yh,
     author    = "Kleiss, R. and Stirling, W. James",
     title     = "{Spinor Techniques for Calculating p anti-p $\to$ W+- / Z0
                  + Jets}",
     journal   = "Nucl. Phys.",
     volume    = "B262",
     year      = "1985",
     pages     = "235-262",
     doi       = "10.1016/0550-3213(85)90285-8",
     SLACcitation  = "%%CITATION = NUPHA,B262,235;%%"
}

@Article{Krauss:2002up,
     author    = "Krauss, F.",
     title     = "{Matrix elements and parton showers in hadronic
                  interactions}",
     journal   = "JHEP",
     volume    = "08",
     year      = "2002",
     pages     = "015",
     eprint    = "hep-ph/0205283",
     archivePrefix = "arXiv",
     SLACcitation  = "%%CITATION = HEP-PH/0205283;%%"
}

@Article{Catani:2001cc,
     author    = "Catani, S. and Krauss, F. and Kuhn, R. and Webber, B. R.",
     title     = "{QCD matrix elements + parton showers}",
     journal   = "JHEP",
     volume    = "11",
     year      = "2001",
     pages     = "063",
     eprint    = "hep-ph/0109231",
     archivePrefix = "arXiv",
     SLACcitation  = "%%CITATION = HEP-PH/0109231;%%"
}

@MISC{mlm,
  author     = "Mangano, M.",
  title      = "{The so-called MLM prescription for ME/PS matching}", 
  year       = "2002",
  howpublished = "", 
  month      = "October, 4",
  note       = "Talk presented at the Fermilab ME/MC Tuning Workshop" 
}

@Article{Bengtsson:1986hr,
     author    = "Bengtsson, Mats and Sjostrand, Torbjorn",
     title     = "{Coherent Parton Showers Versus Matrix Elements:
                  Implications of PETRA - PEP Data}",
     journal   = "Phys. Lett.",
     volume    = "B185",
     year      = "1987",
     pages     = "435",
     doi       = "10.1016/0370-2693(87)91031-8",
     SLACcitation  = "%%CITATION = PHLTA,B185,435;%%"
}
@Article{Seymour:1994df,
     author    = "Seymour, Michael H.",
     title     = "{Matrix element corrections to parton shower algorithms}",
     journal   = "Comp. Phys. Commun.",
     volume    = "90",
     year      = "1995",
     pages     = "95-101",
     eprint    = "hep-ph/9410414",
     archivePrefix = "arXiv",
     doi       = "10.1016/0010-4655(95)00064-M",
     SLACcitation  = "%%CITATION = HEP-PH/9410414;%%"
}
@Article{Miu:1998ju,
     author    = "Miu, Gabriela and Sjostrand, Torbjorn",
     title     = "{W production in an improved parton shower approach}",
     journal   = "Phys. Lett.",
     volume    = "B449",
     year      = "1999",
     pages     = "313-320",
     eprint    = "hep-ph/9812455",
     archivePrefix = "arXiv",
     doi       = "10.1016/S0370-2693(99)00068-4",
     SLACcitation  = "%%CITATION = HEP-PH/9812455;%%"
}
@Article{Catani:1993hr,
     author    = "Catani, S. and Dokshitzer, Yuri L. and Seymour, M. H. and
                  Webber, B. R.",
     title     = "{Longitudinally invariant K(t) clustering algorithms for
                  hadron hadron collisions}",
     journal   = "Nucl. Phys.",
     volume    = "B406",
     year      = "1993",
     pages     = "187-224",
     doi       = "10.1016/0550-3213(93)90166-M",
     SLACcitation  = "%%CITATION = NUPHA,B406,187;%%"
}

@ARTICLE{lavesson-2008-04,
  author = {Nils Lavesson and Leif Lonnblad},
  title = {Merging parton showers and matrix elements -- back to basics},
  journal = {JHEP},
  volume = {04},
  pages = {085},
  url = {doi:10.1088/1126-6708/2008/04/085},
  year = {2008}
}

@Article{Campbell:2003hd,
     author    = "Campbell, John and Ellis, R. Keith and Rainwater, David L.
                  ",
     title     = "{Next-to-leading order QCD predictions for W + 2jet and Z +
                  2jet  production at the CERN LHC}",
     journal   = "Phys. Rev.",
     volume    = "D68",
     year      = "2003",
     pages     = "094021",
     eprint    = "hep-ph/0308195",
     archivePrefix = "arXiv",
     doi       = "10.1103/PhysRevD.68.094021",
     SLACcitation  = "%%CITATION = HEP-PH/0308195;%%"
}

@Article{Abbott:1999yd,
     author    = "Abbott, B. and others",
 collaboration = "D0",
     title     = "{Differential production cross section of $Z$ bosons as a
                  function of transverse momentum at $\sqrt{s} = 1.8$ TeV}",
     journal   = "Phys. Rev. Lett.",
     volume    = "84",
     year      = "2000",
     pages     = "2792-2797",
     eprint    = "hep-ex/9909020",
     archivePrefix = "arXiv",
     doi       = "10.1103/PhysRevLett.84.2792",
     SLACcitation  = "%%CITATION = HEP-EX/9909020;%%"
}

@Article{Abazov:2006gs,
     author    = "Abazov, V. M. and others",
 collaboration = "D0",
     title     = "{Measurement of the ratios of the Z/G* + >= n jet
                  production cross   sections to the total inclusive Z/G*
                  cross section in ppbar collisions at   sqrt(s) = 1.96
                  TeV}",
     journal   = "Phys. Lett.",
     volume    = "B658",
     year      = "2008",
     pages     = "112-119",
     eprint    = "hep-ex/0608052",
     archivePrefix = "arXiv",
     doi       = "10.1016/j.physletb.2007.10.046",
     SLACcitation  = "%%CITATION = HEP-EX/0608052;%%"
}

@Article{Pumplin:2002vw,
     author    = "Pumplin, J. and others",
     title     = "{New generation of parton distributions with uncertainties
                  from global  QCD analysis}",
     journal   = "JHEP",
     volume    = "07",
     year      = "2002",
     pages     = "012",
     eprint    = "hep-ph/0201195",
     archivePrefix = "arXiv",
     SLACcitation  = "%%CITATION = HEP-PH/0201195;%%"
}

@MISC{bib:RickField,
author     = "Field, Rick",
title      = "{Pythia UE Tunes}",
year       = "2007",
month      = "May, 14",
note       = "Talk presented at the CMS MC Tuning Mini Workshop",
howpublished = ""
}

@MISC{bib:cmssw,
  author = "CMS Collaboration",
   title  = "{ CMS Physics: Technical Design Report Volume I: Detector Performance and Software”, CMS-TDR-8-1, 2006.}"
  
}

@Article{Agostinelli:2002hh,
     author    = "Agostinelli, S. and others",
 collaboration = "GEANT4",
     title     = "{GEANT4: A simulation toolkit}",
     journal   = "Nucl. Instrum. Meth.",
     volume    = "A506",
     year      = "2003",
     pages     = "250-303",
     doi       = "10.1016/S0168-9002(03)01368-8",
     SLACcitation  = "%%CITATION = NUIMA,A506,250;%%"
}

@MISC{bib:pat,
  author = "",
  collaboration = "CMS",
  title  = "{Physics Analysis Toolkit (PAT)}",
  year   = "2008",
  howpublished = "",
  url    = {https://twiki.cern.ch/twiki/bin/view/CMS/SWGuidePAT}
}

@MISC{bib:jes,
  author = "",
  collaboration = "CMS",
  year   = "2008",
  title  = "Plans for Jet Energy Corrections at CMS",
  howpublished = "{CMS Physics Analysis Summary JME-07-002}",
  url  = "http://cms-physics.web.cern.ch/cms-physics/public/JME-07-002-pas.pdf"
}

@Article{Abazov:2008ez,
     author    = "Abazov, V. M. and others",
 collaboration = "D0",
     title     = "{Measurement of differential Z/gamma*+jet+X cross sections
                  in proton anti-proton collisions at sqrt{s}=1.96 TeV}",
     year      = "2008",
     eprint    = "0808.1296",
     archivePrefix = "arXiv",
     primaryClass  =  "hep-ex",
     SLACcitation  = "%%CITATION = 0808.1296;%%"
}

@Article{Dasgupta:2001sh,
     author    = "Dasgupta, M. and Salam, G. P.",
     title     = "{Resummation of non-global QCD observables}",
     journal   = "Phys. Lett.",
     volume    = "B512",
     year      = "2001",
     pages     = "323-330",
     eprint    = "hep-ph/0104277",
     archivePrefix = "arXiv",
     doi       = "10.1016/S0370-2693(01)00725-0",
     SLACcitation  = "%%CITATION = HEP-PH/0104277;%%"
}

@Article{Dasgupta:2007ha,
     author    = "Dasgupta, Mrinal",
     title     = "{Parton shower Monte Carlos vs resummed calculations for
                  interjet energy flow observables}",
     year      = "2007",
     eprint    = "0706.2630",
     archivePrefix = "arXiv",
     primaryClass  =  "hep-ph",
     doi       = "10.3360/dis.2007.194",
     SLACcitation  = "%%CITATION = 0706.2630;%%"
}

@Article{Altarelli:1977zs,
     author    = "Altarelli, G. and Parisi, G.",
     title     = "{Asymptotic Freedom in Parton Language}",
     journal   = "Nucl. Phys.",
     volume    = "B126",
     year      = "1977",
     pages     = "298",
     doi       = "10.1016/0550-3213(77)90384-4",
     SLACcitation  = "%%CITATION = NUPHA,B126,298;%%"
}

@book{bib:c++,
  AUTHOR = "B. Stroustrup",
  TITLE = "The C++ Programming Language (Third Edition)",
  PUBLISHER = "Addison-Wesley",
  YEAR = 1997
}
@book{bib:python,
  AUTHOR = "M. Lutz",
  TITLE = "Programming Python",
  ADDRESS = "Sebastopol, CA: O'Reilly",
  YEAR = 1996
}

@Article{Brun:1997pa,
     author    = "Brun, R. and Rademakers, F.",
     title     = "{ROOT: An object oriented data analysis framework}",
     journal   = "Nucl. Instrum. Meth.",
     volume    = "A389",
     year      = "1997",
     pages     = "81-86",
     doi       = "10.1016/S0168-9002(97)00048-X",
     SLACcitation  = "%%CITATION = NUIMA,A389,81;%%"
}

@Article{Dobbs:2001ck,
     author    = "Dobbs, Matt and Hansen, Jorgen Beck",
     title     = "{The HepMC C++ Monte Carlo event record for High Energy
                  Physics}",
     journal   = "Comput. Phys. Commun.",
     volume    = "134",
     year      = "2001",
     pages     = "41-46",
     doi       = "10.1016/S0010-4655(00)00189-2",
     SLACcitation  = "%%CITATION = CPHCB,134,41;%%"
}

@Article{Lukens:2003aq,
     author    = "Lukens, Patrick T.",
 collaboration = "CDF IIb",
     title     = "{The CDF IIb detector: Technical design report}",
     note     = "FERMILAB-TM-2198"
}

@Article{Abazov:2002su,
     author    = "Abazov, V. M. and others",
 collaboration = "D0",
     title     = "{Run IIb upgrade technical design report}",
     note     = "FERMILAB-PUB-02-327-E"
}

@Article{bib:tevatron,
     author    = "",
     title     = "{Design report Tevatron 1 project}",
     note     = "FERMILAB-DESIGN-1983-01"
}

@MISC{bib:priv-sjostrand,
  author = "T. Sjostrand and S. Mrenna",
  title  = "",
  howpublished = "Private communication"
}

@Article{Corcella:1999gs,
     author    = "Corcella, Gennaro and Seymour, Michael H.",
     title     = "{Initial state radiation in simulations of vector boson
                  production at  hadron colliders}",
     journal   = "Nucl. Phys.",
     volume    = "B565",
     year      = "2000",
     pages     = "227-244",
     eprint    = "hep-ph/9908388",
     archivePrefix = "arXiv",
     doi       = "10.1016/S0550-3213(99)00672-0",
     SLACcitation  = "%%CITATION = HEP-PH/9908388;%%"
}

@Article{Buckley:2007hi,
     author    = "Buckley, Andy",
     title     = "{CEDAR: tools for event generator tuning}",
     year      = "2007",
     eprint    = "0708.2655",
     archivePrefix = "arXiv",
     primaryClass  =  "hep-ph",
     SLACcitation  = "%%CITATION = 0708.2655;%%"
}

@Article{Cacciari:2005hq,
     author    = "Cacciari, Matteo and Salam, Gavin P.",
     title     = "{Dispelling the N**3 myth for the k(t) jet-finder}",
     journal   = "Phys. Lett.",
     volume    = "B641",
     year      = "2006",
     pages     = "57-61",
     eprint    = "hep-ph/0512210",
     archivePrefix = "arXiv",
     doi       = "10.1016/j.physletb.2006.08.037",
     SLACcitation  = "%%CITATION = HEP-PH/0512210;%%"
}

@Article{Serbo:2003sm,
     author    = "Serbo, V. V.",
     title     = "{Status of AIDA and JAS 3}",
     journal   = "Nucl. Instrum. Meth.",
     volume    = "A502",
     year      = "2003",
     pages     = "663-665",
     doi       = "10.1016/S0168-9002(03)00537-0",
     SLACcitation  = "%%CITATION = NUIMA,A502,663;%%"
}

@Article{Buckley:2006np,
     author    = "Buckley, A. and others",
     title     = "{HepData and JetWeb: HEP data archiving and model
                  validation}",
     year      = "2006",
     eprint    = "hep-ph/0605048",
     archivePrefix = "arXiv",
     SLACcitation  = "%%CITATION = HEP-PH/0605048;%%"
}

@Article{Cabibbo:1963yz,
     author    = "Cabibbo, Nicola",
     title     = "{Unitary Symmetry and Leptonic Decays}",
     journal   = "Phys. Rev. Lett.",
     volume    = "10",
     year      = "1963",
     pages     = "531-533",
     doi       = "10.1103/PhysRevLett.10.531",
     SLACcitation  = "%%CITATION = PRLTA,10,531;%%"
}

@inbook{bib:pythiapar10.3.3,
     author    = "Sjostrand, Torbjorn and Mrenna, Stephen and Skands, Peter",
     title     = "{PYTHIA 6.4 physics and manual}",
     chapter   = "10.3.3",
     year      = "2006",
     eprint    = "hep-ph/0603175",
     archivePrefix = "arXiv",
     SLACcitation  = "%%CITATION = HEP-PH/0603175;%%"
}

@inbook{bib:pythia-par10.3.2,
     author    = "Sjostrand, Torbjorn and Mrenna, Stephen and Skands, Peter",
     title     = "{PYTHIA 6.4 physics and manual}",
     chapter   = "10.3.2",
     year      = "2006",
     eprint    = "hep-ph/0603175",
     archivePrefix = "arXiv",
     SLACcitation  = "%%CITATION = HEP-PH/0603175;%%"
}



@article{Aad:2012tfa,
      author         = "Aad, G. and others",
      title          = "{Observation of a new particle in the search for the
                        Standard Model Higgs boson with the ATLAS detector at the
                        LHC}",
      collaboration  = "ATLAS",
      journal        = "Phys. Lett.",
      volume         = "B716",
      year           = "2012",
      pages          = "1-29",
      doi            = "10.1016/j.physletb.2012.08.020",
      eprint         = "1207.7214",
      archivePrefix  = "arXiv",
      primaryClass   = "hep-ex",
      reportNumber   = "CERN-PH-EP-2012-218",
      SLACcitation   = "%%CITATION = ARXIV:1207.7214;%%"
}


@article{Chatrchyan:2012xdj,
      author         = "Chatrchyan, S. and others",
      title          = "{Observation of a new boson at a mass of 125 GeV with the
                        CMS experiment at the LHC}",
      collaboration  = "CMS",
      journal        = "Phys. Lett.",
      volume         = "B716",
      year           = "2012",
      pages          = "30-61",
      doi            = "10.1016/j.physletb.2012.08.021",
      eprint         = "1207.7235",
      archivePrefix  = "arXiv",
      primaryClass   = "hep-ex",
      reportNumber   = "CMS-HIG-12-028, CERN-PH-EP-2012-220",
      SLACcitation   = "%%CITATION = ARXIV:1207.7235;%%"
}

@article{Buckley:2011ms,
      author         = "Buckley, A. and others",
      title          = "{General-purpose event generators for LHC physics}",
      journal        = "Phys. Rept.",
      volume         = "504",
      year           = "2011",
      pages          = "145-233",
      doi            = "10.1016/j.physrep.2011.03.005",
      eprint         = "1101.2599",
      archivePrefix  = "arXiv",
      primaryClass   = "hep-ph",
      reportNumber   = "CAVENDISH-HEP-10-21, CERN-PH-TH-2010-298, DCPT-10-202,
                        HD-THEP-10-24, IPPP-10-101, KA-TP-40-2010, LU-TP-10-28,
                        MAN-HEP-2010-23, MCNET-11-01, SLAC-PUB-14333,
                        --HD-THEP-10-24, --MCNET-11-01",
      SLACcitation   = "%%CITATION = ARXIV:1101.2599;%%"
}


@incollection{Markov1907eot,
    address = {New York City},
    author = {Markov, A.},
    booktitle = {Dynamic Probabilistic Systems (Volume I: Markov Models)},
    chapter = {Appendix B},
    citeulike-article-id = {911035},
    editor = {Howard, R.},
    keywords = {mapplet, markov\_chains},
    pages = {552--577},
    posted-at = {2006-10-24 12:01:04},
    priority = {0},
    publisher = {John Wiley \& Sons, Inc.},
    title = {{Extension of the Limit Theorems of Probability Theory to a Sum of Variables Connected in a Chain}},
    year = {1971}
}

@article{Oleari:2010nx,
      author         = "Oleari, C.",
      title          = "{The POWHEG-BOX}",
      booktitle      = "{Proceedings,  10th DESY Workshop on Elementary Particle
                        Theory: Loops and Legs in Quantum Field Theory}",
      journal        = "Nucl. Phys. Proc. Suppl.",
      volume         = "205-206",
      year           = "2010",
      pages          = "36-41",
      doi            = "10.1016/j.nuclphysbps.2010.08.016",
      eprint         = "1007.3893",
      archivePrefix  = "arXiv",
      primaryClass   = "hep-ph",
      SLACcitation   = "%%CITATION = ARXIV:1007.3893;%%"
}



@article{bib:lenzi,
      author         = "Lenzi, P.",
      title          = "{Study of $Z \gamma^* + jets$ production with the CMS detector using matched Matrix Element-Parton Shower event generators}",
      year           = "2008",

}



@article{Buckley:2010ar,
      author         = "Buckley, A. and Butterworth, J. and Lonnblad,
                        L. and Grellscheid, D. and Hoeth, H. and Monk,
                        J. and Schulz, H. and Siegert, F.Precise determination",
      title          = "{Rivet user manual}",
      journal        = "Comput. Phys. Commun.",
      volume         = "184",
      year           = "2013",
      pages          = "2803-2819",
      doi            = "10.1016/j.cpc.2013.05.021",
      eprint         = "1003.0694",
      archivePrefix  = "arXiv",
      primaryClass   = "hep-ph",
      reportNumber   = "MCNET-10-03",
      SLACcitation   = "%%CITATION = ARXIV:1003.0694;%%"
}




@article{CMS:2009nxa,
 author         = "The CMS Collaboration",
      title          = "{Particle-Flow Event Reconstruction in CMS and
                        Performance for Jets, Taus, and MET}",
      collaboration  = "CMS",
      year           = "2009",
      reportNumber   = "CMS-PAS-PFT-09-001",
      SLACcitation   = "%%CITATION = CMS-PAS-PFT-09-001;%%"
}


@article{Chatrchyan:2012xi,
      author         = "Chatrchyan, S. and others",
      title          = "{Performance of CMS muon reconstruction in $pp$ collision
                        events at $\sqrt{s}=7$ TeV}",
      collaboration  = "CMS",
      journal        = "JINST",
      volume         = "7",
      year           = "2012",
      pages          = "P10002",
      doi            = "10.1088/1748-0221/7/10/P10002",
      eprint         = "1206.4071",
      archivePrefix  = "arXiv",
      primaryClass   = "physics.ins-det",
      reportNumber   = "CMS-MUO-10-004, CERN-PH-EP-2012-173",
      SLACcitation   = "%%CITATION = ARXIV:1206.4071;%%"
}

@article{CMS:2010bta,
author         = "Aad, G. and others",
      title          = "{Electron reconstruction and identification at sqrt(s) =
                        7 TeV}",
      collaboration  = "CMS",
      year           = "2010",
      reportNumber   = "CMS-PAS-EGM-10-004",
      SLACcitation   = "%%CITATION = CMS-PAS-EGM-10-004;%%"
}


@article{ mass:in:dijet,
author         = "Chatrchyan, S. and others",
      title          = "{Studies of jet mass in dijet and W/Z + jet events}",
      collaboration  = "CMS",
      journal        = "JHEP",
      volume         = "05",
      year           = "2013",
      pages          = "090",
      doi            = "10.1007/JHEP05(2013)090",
      eprint         = "1303.4811",
      archivePrefix  = "arXiv",
      primaryClass   = "hep-ex",
      reportNumber   = "CMS-SMP-12-019, CERN-PH-EP-2013-016",
}


@inproceedings{Blazey:2000qt,
      author         = "Blazey, G. C. and others",
      title          = "{Run II jet physics}",
      booktitle      = "{QCD and weak boson physics in Run II. Proceedings,
                        Batavia, USA, March 4-6, June 3-4, November 4-6, 1999}",
      url            = "http://lss.fnal.gov/cgi-bin/find_paper.pl?conf-00-092",
      year           = "2000",
      pages          = "47-77",
      eprint         = "hep-ex/0005012",
      archivePrefix  = "arXiv",
      primaryClass   = "hep-ex",
      reportNumber   = "FERMILAB-CONF-00-092-E",
      SLACcitation   = "%%CITATION = HEP-EX/0005012;%%"
}


@article{Cacciari:2008gp,
      author         = "Cacciari, M. and Salam, G. P. and Soyez, G.",
      title          = "{The Anti-k(t) jet clustering algorithm}",
      journal        = "JHEP",
      volume         = "04",
      year           = "2008",
      pages          = "063",
      doi            = "10.1088/1126-6708/2008/04/063",
      eprint         = "0802.1189",
      archivePrefix  = "arXiv",
      primaryClass   = "hep-ph",
      reportNumber   = "LPTHE-07-03",
      SLACcitation   = "%%CITATION = ARXIV:0802.1189;%%"
}



@article{Chatrchyan:2012jua,
      author         = "Chatrchyan, S. and others",
      title          = "{Identification of b-quark jets with the CMS experiment}",
      collaboration  = "CMS",
      journal        = "JINST",
      volume         = "8",
      pages          = "P04013",
      doi            = "10.1088/1748-0221/8/04/P04013",
      year           = "2013",
      eprint         = "1211.4462",
      archivePrefix  = "arXiv",
      primaryClass   = "hep-ex",
      reportNumber   = "CMS-BTV-12-001, CERN-PH-EP-2012-262",
      SLACcitation   = "%%CITATION = ARXIV:1211.4462;%%",
}





@article{bib:lhc-group,
      author         = "LHC Higgs Cross Section Working Group",
      title          = "{Higgs cross sections at 7, 8 and 14 TeV, https://twiki.cern.ch/twiki/bin/view/LHCPhysics/CrossSections}",
      
}



@article{Aaij:2015tga,
      author         = "Aaij, R. and others",
      title          = "{Observation of $J/\psi p$ resonances consistent with
                        pentaquark states in ${\Lambda_b^0\to J/\psi K^-p}$
                        decays}",
      collaboration  = "LHCb",
      journal        = "Phys. Rev. Lett.",
      volume         = "115",
      year           = "2015",
      number         = "7",
      pages          = "072001",
      doi            = "10.1103/PhysRevLett.115.072001",
      eprint         = "1507.03414",
      archivePrefix  = "arXiv",
      primaryClass   = "hep-ex",
      reportNumber   = "CERN-PH-EP-2015-153, LHCB-PAPER-2015-029",
      SLACcitation   = "%%CITATION = ARXIV:1507.03414;%%"
}


@article{Chatrchyan:2013iaa,
      author         = "Chatrchyan, S. and others",
      title          = "{Measurement of Higgs boson production and properties in
                        the WW decay channel with leptonic final states}",
      collaboration  = "CMS",
      journal        = "JHEP",
      volume         = "01",
      year           = "2014",
      pages          = "096",
      doi            = "10.1007/JHEP01(2014)096",
      eprint         = "1312.1129",
      archivePrefix  = "arXiv",
      primaryClass   = "hep-ex",
      reportNumber   = "CMS-HIG-13-023, CERN-PH-EP-2013-221",
      SLACcitation   = "%%CITATION = ARXIV:1312.1129;%%"
}


@article{ripesamento,
      author         = "M. H. Seymour",
      title          = "{Matrix element corrections to parton shower algorithms,
Comp. Phys. Commun. 90 (1995) 95–101, arXiv:hep-ph/9410414.}",
      
}


@article{ripesamento2,
      author         = "G. Miu and T. Sjostrand",
      title          = "{W production in an improved parton shower
approach,” Phys. Lett. B449 (1999) 313–320, arXiv:hep-ph/9812455.}",
      
}

@article{ckkw,
      author         = "S. Catani, F. Krauss, R. Kuhn, and B. R. Webber",
      title          = "{QCD matrix elements +
parton showers,” JHEP 11 (2001) 063, arXiv:hep-ph/0109231.}",
      
}


@article{ckkw2,
      author         = "F. Krauss",
      title          = "{Matrix elements and parton showers in hadronic interactions,”
JHEP 08 (2002) 015, arXiv:hep-ph/0205283.}",
      
}

@article{Khachatryan:2014kca,
      author         = "Khachatryan, V. and others",
      title          = "{Constraints on the spin-parity and anomalous HVV
                        couplings of the Higgs boson in proton collisions at 7 and
                        8 TeV}",
      collaboration  = "CMS",
      journal        = "Phys. Rev.",
      volume         = "D92",
      year           = "2015",
      number         = "1",
      pages          = "012004",
      doi            = "10.1103/PhysRevD.92.012004",
      eprint         = "1411.3441",
      archivePrefix  = "arXiv",
      primaryClass   = "hep-ex",
      reportNumber   = "CMS-HIG-14-018, CERN-PH-EP-2014-265",
      SLACcitation   = "%%CITATION = ARXIV:1411.3441;%%"
}


@article{Khachatryan:2014jba,
      author         = "Khachatryan, V. and others",
      title          = "{Precise determination of the mass of the Higgs boson and
                        tests of compatibility of its couplings with the standard
                        model predictions using proton collisions at 7 and 8
                        $\,\text {TeV}$}",
      collaboration  = "CMS",
      journal        = "Eur. Phys. J.",
      volume         = "C75",
      year           = "2015",
      number         = "5",
      pages          = "212",
      doi            = "10.1140/epjc/s10052-015-3351-7",
      eprint         = "1412.8662",
      archivePrefix  = "arXiv",
      primaryClass   = "hep-ex",
      reportNumber   = "CMS-HIG-14-009, CERN-PH-EP-2014-288",
      SLACcitation   = "%%CITATION = ARXIV:1412.8662;%%"
}


@article{laura,
      author         = "Redapi, L.",
      title          = "{Misura della sezione d’urto differenziale del bosone di Higgs nel canale $H \rightarrow WW \rightarrow 2l2\nu$ in collisioni pp a $\sqrt{s}$=7 TeV con il rivelatore CMS.}",
      
}



@article{PhysRevLett.13.321,
  title = {Broken Symmetry and the Mass of Gauge Vector Mesons},
  author = {Englert, F. and Brout, R.},
  journal = {Phys. Rev. Lett.},
  volume = {13},
  issue = {9},
  pages = {321--323},
  numpages = {0},
  year = {1964},
  month = {Aug},
  publisher = {American Physical Society},
  doi = {10.1103/PhysRevLett.13.321},
  url = {http://link.aps.org/doi/10.1103/PhysRevLett.13.321}
}
